% -----------------------------------------------------------------------
% File: CogSci_Template.bib
% -----------------------------------------------------------------------

% Modified : Eli M. Silk (esilk at pitt.edu)            05/24/2005
% Modified : David Noelle (dnoelle at ucmerced.edu)     11/19/2014


@article{gentner1983structure,
  title={Structure-mapping: A theoretical framework for analogy},
  author={Gentner, Dedre},
  journal={Cognitive science},
  volume={7},
  number={2},
  pages={155--170},
  year={1983},
  publisher={Elsevier}
}
@article{gentner2001metaphor,
  title={Metaphor is like analogy},
  author={Gentner, Dedre and Bowdle, Brian and Wolff, Phillip and Boronat, Consuelo},
  journal={The analogical mind: Perspectives from cognitive science},
  pages={199--253},
  year={2001}
}

@article{wilson2006metaphor,
  title={Metaphor, relevance and the 'emergent property' issue},
  author={Wilson, Deirdre and Carston, Robyn},
  journal={Mind \& Language},
  volume={21},
  number={3},
  pages={404--433},
  year={2006},
  publisher={Wiley Online Library}
}

@book{steen2010method,
  title={A method for linguistic metaphor identification: From MIP to MIPVU},
  author={Steen, Gerard J and Dorst, Aletta G and Herrmann, J Berenike and Kaal, Anna and Krennmayr, Tina and Pasma, Trijntje},
  volume={14},
  year={2010},
  publisher={John Benjamins Publishing}
}

@article{kao2014nonliteral,
  title={Nonliteral understanding of number words},
  author={Kao, Justine T and Wu, Jean Y and Bergen, Leon and Goodman, Noah D},
  journal={Proceedings of the National Academy of Sciences},
  volume={111},
  number={33},
  pages={12002--12007},
  year={2014},
  publisher={National Acad Sciences}
}


@article{veale2000computation,
  title={Computation and blending},
  author={Veale, Tony and O Donoghue, Diarmuid and Keane, Mark T},
  journal={Cognitive Linguistics},
  volume={11},
  number={3/4},
  pages={253--282},
  year={2000},
  publisher={MOUTON DE GRUYTER}
}

@book{gibbs2012interpreting,
  title={Interpreting figurative meaning},
  author={Gibbs Jr, Raymond W and Colston, Herbert L},
  year={2012},
  publisher={Cambridge University Press}
}

@inproceedings{veale2007comprehending,
  title={Comprehending and generating apt metaphors: a web-driven, case-based approach to figurative language},
  author={Veale, Tony and Hao, Yanfen},
  booktitle={AAAI},
  volume={2007},
  pages={1471--1476},
  year={2007}
}